@inproceedings{NaB05,
    author = {Nagappan, Nachiappan and Ball, Thomas},
    title = {Use of relative code churn measures to predict system defect density},
    booktitle = {Proceedings of the 27th international conference on Software engineering},
    series = {ICSE '05},
    year = {2005},
    isbn = {1-58113-963-2},
    location = {St. Louis, MO, USA},
    pages = {284--292},
    numpages = {9},
    url = {http://doi.acm.org/10.1145/1062455.1062514},
    doi = {10.1145/1062455.1062514},
    acmid = {1062514},
    publisher = {ACM},
    address = {New York, NY, USA},
    keywords = {defect density, fault-proneness, multiple regression, principal component analysis, relative code churn},
}